<record><leader>00000cas a22000007a 4500</leader><controlfield tag="001">16619516</controlfield><controlfield tag="008">870831d19021948ohuwr ne      0    0eng d</controlfield><datafield ind1=" " ind2=" " tag="010"><subfield code="a">sn 87076590 </subfield></datafield><datafield ind1=" " ind2=" " tag="040"><subfield code="a">ONP</subfield><subfield code="b">eng</subfield><subfield code="c">ONP</subfield><subfield code="d">OCLCQ</subfield></datafield><datafield ind1=" " ind2=" " tag="042"><subfield code="a">msc</subfield></datafield><datafield ind1="0" ind2="0" tag="245"><subfield code="a">Spencerville journal-news.</subfield></datafield><datafield ind1=" " ind2=" " tag="260"><subfield code="a">Spencerville, Ohio :</subfield><subfield code="b">F.C. Snow,</subfield><subfield code="c">-1948.</subfield></datafield><datafield ind1=" " ind2=" " tag="300"><subfield code="a">v.</subfield></datafield><datafield ind1=" " ind2=" " tag="310"><subfield code="a">Weekly</subfield></datafield><datafield ind1="1" ind2=" " tag="362"><subfield code="a">Began in 1902.</subfield></datafield><datafield ind1="0" ind2=" " tag="362"><subfield code="a">70th year, no. 15 (Aug. 26, 1948).</subfield></datafield><datafield ind1=" " ind2=" " tag="580"><subfield code="a">Daily ed.: Spencerville daily journal-news, 1913.</subfield></datafield><datafield ind1=" " ind2=" " tag="588"><subfield code="a">Description based on: Vol. 25, no. 37 (Mar. 3, 1904).</subfield></datafield><datafield ind1=" " ind2="4" tag="651"><subfield code="a">Spencerville (Ohio)</subfield><subfield code="v">Newspapers.</subfield></datafield><datafield ind1=" " ind2="4" tag="651"><subfield code="a">Allen County (Ohio)</subfield><subfield code="v">Newspapers.</subfield></datafield><datafield ind1=" " ind2=" " tag="752"><subfield code="a">United States</subfield><subfield code="b">Ohio</subfield><subfield code="c">Allen</subfield><subfield code="d">Spencerville.</subfield></datafield><datafield ind1="1" ind2=" " tag="775"><subfield code="t">Spencerville daily journal-news</subfield><subfield code="w">(DLC)sn 87076587</subfield></datafield><datafield ind1="0" ind2="4" tag="780"><subfield code="t">Journal (Spencerville, Ohio)</subfield><subfield code="w">(DLC)sn 87076589</subfield></datafield><datafield ind1="0" ind2="4" tag="780"><subfield code="t">Spencerville news (Spencerville, Ohio)</subfield><subfield code="w">(DLC)sn 87076586</subfield></datafield><datafield ind1="0" ind2="0" tag="785"><subfield code="t">Journal-news (Spencerville, Ohio)</subfield><subfield code="w">(DLC)sn 87076591</subfield></datafield></record>